@ARTICLE{Vickrey1961,
	AUTHOR = {W. Vickrey},
	TITLE = {Counterspeculation, auctions and sealed tenders},
	JOURNAL = {Journal of Finance},
	YEAR = {1961},
	volume = {16},
	pages = {8--37},
} 

@BOOK{Golumbic2004,
	AUTHOR = {M. C. Golumbic},
	TITLE = {Algorithmic Graph Theory and Perfect Graphs},
	PUBLISHER = {Elsevier Science},
	YEAR = {2004},
	edition = {2nd Edition},
}