@article{Reference1,
	Abstract = {},
	Author = {},
	Journal = {},
	Month = {},
	Number = {},
	Numpages = {},
	Pages = {},
	Title = {MathWorks.},
	Volume = {},
	Url = {http://www.mathworks.com/help/images/functionlist.html},
	Year = {2014}}

@article{Reference2,
	Abstract = {},
	Author = {Jingting L.,Ying W.,Qiang Z., & Wei C.},
	Journal = {},
	Month = {},
	Number = {},
	Numpages = {},
	Pages = {},
	Title = {Method of Counting Thin Steel
Plates Based on Digital Image Processing},
	Volume = {},
	Url = {},
	Year = {2011}}

@article{Reference3,
	Abstract = {},
	Author = Chatchai S.& Meena R.},
	Journal = {},
	Month = {},
	Number = {},
	Numpages = {},
	Pages = {},
	Title = {Machine Vision System for Counting the Number of
Corrugated Cardboard},
	Volume = {},
	Url = {},
	Year = {2014}}

@article{Reference4,
	Abstract = {},
	Author = {Instructables},
	Journal = {},
	Month = {},
	Number = {},
	Numpages = {},
	Pages = {},
	Title = {Image Processing and Counting using MATLAB},
	Volume = {},
	Url = {http://www.instructables.com/id/Image-Processing-and-Counting-using-
MATLAB},
	Year = {2014}}